@inproceedings{herklotz20_fubfst_bold,
	author = {\textbf{Herklotz}, \textbf{Yann} and Wickerson, John},
	location = {Seaside, CA, USA},
	booktitle = {ACM/SIGDA International Symposium on Field\?Programmable Gate Arrays (FPGA)},
	doi = {10.1145/3373087.3375310},
	isbn = {978-1-4503-7099-8},
	keywords = {automated testing,compiler defect,compiler testing,random program generation,random testing},
	title = {Finding and Understanding Bugs in {FPGA} Synthesis Tools},
	year = {2020},
    options = {skipbib=true},
}

@inproceedings{herklotz21_esrhlst_bold,
	author = {\textbf{Herklotz}, \textbf{Yann} and Du, Zewei and Ramanathan, Nadesh and Wickerson, John},
	booktitle = {2021 IEEE 29th Annual International Symposium on Field\?Programmable Custom Computing Machines (FCCM)},
	doi = {10.1109/FCCM51124.2021.00034},
	pages = {219--223},
	title = {An Empirical Study of the Reliability of High-Level Synthesis Tools},
	year = {2021},
    options = {skipbib=true},
}

@article{herklotz21_fvhls_bold,
	author = {\textbf{Herklotz}, \textbf{Yann} and Pollard, James D. and Ramanathan, Nadesh and Wickerson, John},
	location = {New York, NY, USA},
	publisher = {Association for Computing Machinery},
	doi = {10.1145/3485494},
	journaltitle = {Proceedings of the ACM on Programming Languages},
	keywords = {high-level synthesis,Coq,Verilog,CompCert,C},
	month = 10,
	number = {OOPSLA},
	title = {Formal Verification of High-Level Synthesis},
	volume = {5},
	year = {2021},
    options = {skipbib=true},
}

@misc{herklotz21_v_bold,
	author = {\textbf{Herklotz}, \textbf{Yann} and Pollard, James D. and Ramanathan, Nadesh and Wickerson, John},
	publisher = {Zenodo},
	doi = {10.5281/zenodo.5093839},
	month = 6,
	title = {Vericert v1.2.1},
	version = {v1.2.1},
	year = {2021},
    options = {skipbib=true},
}

@Article{herklotz24_hsvhls_bold,
	address = {New York, NY, USA},
	publisher = {Association for Computing Machinery},
	volume = {8},
	number = {PLDI},
	numpages = {25},
	doi = {10.1145/3656455},
	articleno = {225},
	date = {2024-06},
	journal = {Proceedings of the ACM on Programming Languages},
	title = {Hyperblock Scheduling for Verified High-Level Synthesis},
	author = {\textbf{Herklotz}, \textbf{Yann} and Wickerson, John},
    options = {skipbib=true},
}

@inproceedings{herklotz23_msgssa_bold,
author = {\textbf{Herklotz}, \textbf{Yann} and Demange, Delphine and Blazy, Sandrine},
title = {Mechanised Semantics for Gated Static Single Assignment},
year = {2023},
isbn = {9798400700262},
publisher = {Association for Computing Machinery},
address = {New York, NY, USA},
doi = {10.1145/3573105.3575681},
booktitle = {Proceedings of the 12th ACM SIGPLAN International Conference on Certified Programs and Proofs},
pages = {182â€“196},
numpages = {15},
keywords = {Gated SSA, SSA, Verified Compilation},
location = {Boston, MA, USA},
series = {CPP 2023},
options = {skipbib=true},
}

@inproceedings{pardalos22_rsvhls_bold,
  author={Pardalos, Michalis and \textbf{Herklotz}, \textbf{Yann} and Wickerson, John},
  booktitle={2022 IEEE 30th Annual International Symposium on Field\?Programmable Custom Computing Machines (FCCM)}, 
  title={Resource Sharing for Verified High-Level Synthesis}, 
  year={2022},
  volume={},
  number={},
  pages={1-6},
  doi={10.1109/FCCM53951.2022.9786208},
  options = {skipbib=true},
}
